@inproceedings{engelbrecht2013particle,
  title={Particle swarm optimization: Global best or local best?},
  author={Engelbrecht, AP},
  booktitle={Computational Intelligence and 11th Brazilian Congress on Computational Intelligence (BRICS-CCI \& CBIC), 2013 BRICS Congress on},
  pages={124--135},
  year={2013},
  organization={IEEE}
}

@inproceedings{eberhart1995new,
  title={A new optimizer using particle swarm theory},
  author={Eberhart, Russell and Kennedy, James},
  booktitle={Micro Machine and Human Science, 1995. MHS'95., Proceedings of the Sixth International Symposium on},
  pages={39--43},
  year={1995},
  organization={IEEE}
}

@article{robinson2004particle,
  title={Particle swarm optimization in electromagnetics},
  author={Robinson, Jacob and Rahmat-Samii, Yahya},
  journal={IEEE transactions on antennas and propagation},
  volume={52},
  number={2},
  pages={397--407},
  year={2004},
  publisher={IEEE}
}

@Article{Falkenauer1996,
author="Falkenauer, Emanuel",
title="A hybrid grouping genetic algorithm for bin packing",
journal="Journal of Heuristics",
year="1996",
month="Jun",
day="01",
volume="2",
number="1",
pages="5--30",
issn="1572-9397",
doi="10.1007/BF00226291",
url="https://doi.org/10.1007/BF00226291"
}

@misc{schollset,
  title = {Scholl bin packing benchmark datasets},
  howpublished = {{https://www2.wiwi.uni-jena.de/Entscheidung/binpp/index.htm}},
  note = {Accessed: 2018-05-23}
}



@article{mikki2005improved,
  title={Improved particle swarm optimization technique using hard boundary conditions},
  author={Mikki, Said and Kishk, Ahmed},
  journal={Microwave and Optical Technology Letters},
  volume={46},
  number={5},
  pages={422--426},
  year={2005},
  publisher={Wiley Online Library}
}

@inproceedings{shi1999empirical,
  title={Empirical study of particle swarm optimization},
  author={Shi, Yuhui and Eberhart, Russell C},
  booktitle={Evolutionary computation, 1999. CEC 99. Proceedings of the 1999 congress on},
  volume={3},
  pages={1945--1950},
  year={1999},
  organization={IEEE}
}

@inproceedings{eberhart2000comparing,
  title={Comparing inertia weights and constriction factors in particle swarm optimization},
  author={Eberhart, Russ C and Shi, Yuhui},
  booktitle={Evolutionary Computation, 2000. Proceedings of the 2000 Congress on},
  volume={1},
  pages={84--88},
  year={2000},
  organization={IEEE}
}

@inproceedings{engelbrecht2013roaming,
  title={Roaming behavior of unconstrained particles},
  author={Engelbrecht, AP},
  booktitle={Computational Intelligence and 11th Brazilian Congress on Computational Intelligence (BRICS-CCI \& CBIC), 2013 BRICS Congress on},
  pages={104--111},
  year={2013},
  organization={IEEE}
}

@inproceedings{lechuga2002mopso,
  title={MOPSO: A proposal for multiple objective particle swarm optimization},
  author={Lechuga, MS and Coello, EAE},
  booktitle={Proceedings of the 2002 Congress on Evolutionary Computation, Part of the 2002 IEEE World Congress on Computational Intelligence},
  pages={2051--11056},
  year={2002}
}

@misc{engelbrecht2007computational,
  title={Computational intelligence: an introduction},
  author={Engelbrecht, Andries P},
  year={2007},
  publisher={John Wiley \& Sons}
}

@inproceedings{coello2002extension,
  title={An extension of particle swarm optimization that can handle multiple objectives},
  author={Coello, CA Coello and Pulido, G Toscano and Lechuga, M Salazar},
  booktitle={Workshop on Multiple Objective Metaheuristics},
  pages={1--5},
  year={2002}
}

@article{abbott2000sequence,
  title={Sequence analysis and optimal matching methods in sociology: Review and prospect},
  author={Abbott, Andrew and Tsay, Angela},
  journal={Sociological methods \& research},
  volume={29},
  number={1},
  pages={3--33},
  year={2000},
  publisher={Sage Publications, Inc.}
}

@book{manning1999foundations,
  title={Foundations of statistical natural language processing},
  author={Manning, Christopher D and Schutze, Hinrich},
  year={1999},
  publisher={MIT press}
}

@article{morgenstern1996multiple,
  title={Multiple DNA and protein sequence alignment based on segment-to-segment comparison},
  author={Morgenstern, Burkhard and Dress, Andreas and Werner, Thomas},
  journal={Proceedings of the National Academy of Sciences},
  volume={93},
  number={22},
  pages={12098--12103},
  year={1996},
  publisher={National Acad Sciences}
}

@article{jason2018,
  title={Offline One-Dimensional Bin-Packing with a Hybrid Grouping Genetic Algorithm},
  author={Van Hattum},
  journal={COS710 Assignment 3},
  year={2018}
}

@inproceedings{van1998evolutionary,
  title={Evolutionary computation and convergence to a pareto front},
  author={Van Veldhuizen, David A and Lamont, Gary B},
  booktitle={Late breaking papers at the genetic programming 1998 conference},
  pages={221--228},
  year={1998}
}